@INPROCEEDINGS{FLS_KD,
author={Yu-Jie Wang and Chao-Shun Kao},
booktitle={Fuzzy Systems and Knowledge Discovery, 2007. FSKD 2007. Fourth International Conference on},
title={Applying Fuzzy Multiple-Criteria Decision-Making Method to Select the Distribution Center},
year={2007},
month={Aug},
volume={4},
pages={473-477},
keywords={decision making;decision theory;distribution strategy;facility location;fuzzy set theory;number theory;distribution center location selection problem;fuzzy multiple-criteria decision-making method;logistic company;triangular fuzzy number;Chaotic communication;Costs;Decision making;Environmental economics;Fuzzy sets;International trade;Investments;Logistics;Transportation;Uncertainty},
doi={10.1109/FSKD.2007.187},}

@ARTICLE{FLS_ANN,
author={Chin-Teng Lin and Lee, C.S.G.},
journal={Computers, IEEE Transactions on},
title={Neural-network-based fuzzy logic control and decision system},
year={1991},
month={Dec},
volume={40},
number={12},
pages={1320-1336},
keywords={artificial intelligence;decision theory;fuzzy logic;inference mechanisms;learning systems;neural nets;backpropagation;connectionist model;decision system;feedforward multilayer net;inference engine;learning;neural network based fuzzy logic control;performance;Control system synthesis;Control systems;Fuzzy control;Fuzzy logic;Medical control systems;Multi-layer neural network;Neural networks;Nonlinear control systems;Robot control;Supervised learning},
doi={10.1109/12.106218},
ISSN={0018-9340},}

@ARTICLE{FLS_MD,
author={Hudson, D.L. and Cohen, M.E.},
journal={Engineering in Medicine and Biology Magazine, IEEE},
title={Fuzzy logic in medical expert systems},
year={1994},
month={Nov},
volume={13},
number={5},
pages={693-698},
keywords={fuzzy logic;medical expert systems;30 y;binary logic;crisp parameters;generalization;model choice;self-consistent systems;theoretical framework;Biomedical equipment;Blood pressure;Decision making;Electric shock;Fuzzy logic;Information analysis;Medical expert systems;Medical services;Production systems;Uncertainty},
doi={10.1109/51.334631},
ISSN={0739-5175},}

@inproceedings{GRAN-1,
  author        = "D. Kahneman, A. Deaton",
  booktitle={Proceedings of the National Academy of Sciences of the United States of America
PNAS, Proceedings of the National Academy of Sciences},
  title         = "High income improves evaluation of life but not emotional well-being",
  year={2010},
    month={Sep},
    volume={107},
    pages={16489-16493},
    doi={10.1073/pnas.1011492107}
}

@article{GRAN-2,
  author        = "I. Dekker, J. Barling",
  title         = "Work Force Size and Multifaceted Job Satisfaction: A Cross-National Study",
  journal       = "Journal of Social Psychology",
  volume        = "136(2)",
  year          = "1996",
  pages         = "201-208"
}

[GRAN_3] D. Litchfield (2012, Aug.), "Big company or start-up - which is the best option for you?", [Online], Available: http://www.independent.co.uk/student/young-entrepreneurs/big-company-or-startup--which-is-the-best-option-for-you-7998725.html

@electronic{GRAN-3,
  author        = "D. Litchfield",
  title         = "Big company or start-up - which is the best option for you?",
  url           = "http://www.independent.co.uk/student/young-entrepreneurs/big-company-or-startup--which-is-the-best-option-for-you-7998725.html",
  year          = "2012"
}

@electronic{GRAN-4,
  author        = "E. Bajic",
  title         = "Does Size Matter To Happiness At Work",
  url           = "http://www.forbes.com/sites/elenabajic/2014/03/19/does-size-matter-to-happiness-at-work",
  year          = "2014"
}

@electronic{pyfuzzy,
  author        = "Rene Liebscher",
  title         = "pyfuzzy - Python fuzzy package,",
  url           = "http://pyfuzzy.sourceforge.net/",
  year          = "2015"
}

@electronic{gnu-plot,
  title         = "gnuplot",
  url           = "http://www.gnuplot.info/",
  year          = "2015"
}

@book{FAKHRI,
  author        = "F. Karray",
  title         = "ECE 457B: Fuzzy Inferencing and Fuzzy Control",
  publisher     = "University of Waterloo",
  address       = "Waterloo, Ontario",
  year          = "2015"
}